<record><leader>00000cas a22000007a 4500</leader><controlfield tag="001">13513370</controlfield><controlfield tag="008">860430d190319uuiaudn ne      0    0eng d</controlfield><datafield ind1=" " ind2=" " tag="010"><subfield code="a">sn 86060071 </subfield></datafield><datafield ind1=" " ind2=" " tag="040"><subfield code="a">INP</subfield><subfield code="b">eng</subfield><subfield code="c">INP</subfield><subfield code="d">OCLCQ</subfield></datafield><datafield ind1=" " ind2=" " tag="042"><subfield code="a">msc</subfield></datafield><datafield ind1="0" ind2=" " tag="130"><subfield code="a">Creston daily advertiser-gazette (Creston, Iowa : 1903)</subfield></datafield><datafield ind1="1" ind2="0" tag="245"><subfield code="a">Creston daily advertiser-gazette.</subfield></datafield><datafield ind1="1" ind2="3" tag="246"><subfield code="a">Evening advertiser and gazette</subfield><subfield code="f">Dec. 3, 1903-&lt;Feb. 5, 1904&gt;</subfield></datafield><datafield ind1="1" ind2="7" tag="246"><subfield code="a">Creston advertiser-gazette</subfield><subfield code="f">Dec. 3, 1903-&lt;Feb. 5, 1904&gt;</subfield></datafield><datafield ind1=" " ind2=" " tag="260"><subfield code="a">Creston, Iowa :</subfield><subfield code="b">Advertiser-Gazette Co.,</subfield><subfield code="c">1903-</subfield></datafield><datafield ind1=" " ind2=" " tag="300"><subfield code="a">v. :</subfield><subfield code="b">ill.</subfield></datafield><datafield ind1=" " ind2=" " tag="310"><subfield code="a">Daily (except Sunday)</subfield></datafield><datafield ind1="0" ind2=" " tag="362"><subfield code="a">Vol. 22, no. 292 (Dec. 3, 1903)-</subfield></datafield><datafield ind1=" " ind2=" " tag="515"><subfield code="a">Issue for Dec. 25, 1903, not published.</subfield></datafield><datafield ind1=" " ind2=" " tag="515"><subfield code="a">Occasional errors in numbering.</subfield></datafield><datafield ind1=" " ind2=" " tag="752"><subfield code="a">United States</subfield><subfield code="b">Iowa</subfield><subfield code="c">Union</subfield><subfield code="d">Creston.</subfield></datafield><datafield ind1="0" ind2=" " tag="775"><subfield code="t">Creston semi-weekly advertiser-gazette</subfield><subfield code="w">(DLC)sn 86060073</subfield><subfield code="g">Dec. 4, 1903-&lt;Feb. 5, 1904&gt;</subfield></datafield><datafield ind1="0" ind2="4" tag="780"><subfield code="t">Creston daily advertiser (Creston, Iowa : 1881)</subfield><subfield code="w">(DLC)sn 86060075</subfield></datafield><datafield ind1="0" ind2="4" tag="780"><subfield code="t">Creston daily gazette</subfield><subfield code="w">(DLC)sn 86060074</subfield></datafield><datafield ind1="0" ind2="0" tag="785"><subfield code="t">Creston daily advertiser (Creston, Iowa : 1910)</subfield><subfield code="w">(DLC)sn 86060070</subfield></datafield></record>